@article{KerrIntr,
  title={Dispersive effects in ultrafast nonlinear phenomena: The case of optical Kerr effect},
  author={Lorenc, Dusan and Alpichshev, Zhanybek},
  journal={Physical Review Research},
  volume={6},
  number={1},
  pages={013042},
  year={2024},
  publisher={APS}
}
@article{GaussState,
  title={Gaussian-state Ansatz for the non-equilibrium dynamics of quantum spin lattices},
  author={Menu, Rapha{\"e}l and Roscilde, Tommaso},
  journal={SciPost Physics},
  volume={14},
  number={6},
  pages={151},
  year={2023}
}
@misc{Kholevo,
  title={Квантовые системы, каналы, информация},
  author={Холево, Александр Семёнович},
  year={2010},
  publisher={МЦНМО, Москва}
}
@article{MaslovN,
  title={High-yield, wafer-scale fabrication of ultralow-loss, dispersion-engineered silicon nitride photonic circuits},
  author={Liu, Junqiu and Huang, Guanhao and Wang, Rui Ning and He, Jijun and Raja, Arslan S and Liu, Tianyi and Engelsen, Nils J and Kippenberg, Tobias J},
  journal={Nature communications},
  volume={12},
  number={1},
  pages={2236},
  year={2021},
  publisher={Nature Publishing Group UK London}
}
@article{MaslovSolve,
  title={Quantum state evolution of the fundamental mode in the process of second-harmonic generation},
  author={Nikitin, SP and Masalov, AV},
  journal={Quantum Optics: Journal of the European Optical Society Part B},
  volume={3},
  number={2},
  pages={105},
  year={1991},
  publisher={IOP Publishing}
}
@article{NosalTeretenkov,
  title={Higher order moments dynamics for some multimode quantum master equations},
  author={Nosal, Iu A and Teretenkov, AE},
  journal={Lobachevskii Journal of Mathematics},
  volume={43},
  number={7},
  pages={1726--1739},
  year={2022},
  publisher={Springer}
}
@article{Dis,
  title={Irreversible quantum evolution with quadratic generator},
  author={Teretenkov, AE},
  journal={Infinite Dimensional Analysis, Quantum Probability and Related Topics},
  volume={22},
  number={04},
  pages={1930001},
  year={2019},
  publisher={World Scientific}
}